% Encoding: UTF-8

@unpublished{twogroups,
  title={$2$-Group Belyi Maps},
  author={Musty, Michael},
  year={in progress}
}

@article{belyi,
  title={Numerical calculation of three-point branched covers of the projective line},
  author={Klug, Michael and Musty, Michael and Schiavone, Sam and Voight, John},
  journal={LMS Journal of Computation and Mathematics},
  volume={17},
  number={1},
  pages={379--430},
  year={2014},
  publisher={London Mathematical Society}
}

@article{database,
  title={A Database of Belyi Maps},
  author={Musty, Michael and Schiavone, Sam and Sijsling, Jeroen and Voight, John},
  journal={arXiv preprint arXiv:1805.07751},
  year={2018}
}

@article{ants,
  title={A Database of Belyi Maps},
  author={Musty, Michael and Schiavone, Sam and Sijsling, Jeroen and Voight, John},
  journal={(to appear in conference proceedings for ANTS-XIII) The Open Book Series},
  volume={2},
  year={2019},
  publisher={Mathematical Sciences Publishers},
}

@article{aaron,
  title={Understanding the cost of dermatologic care: A survey study of dermatology providers, residents, and patients},
  author={Steen, Aaron J and Mann, Julianne A and Carlberg, Valerie M and Kimball, Alexa B and Musty, Michael J and Simpson, Eric L},
  journal={Journal of the American Academy of Dermatology},
  volume={76},
  number={4},
  pages={609--617},
  year={2017},
  publisher={Elsevier}
}
